% Encoding: windows-1252

@Electronic{1,
  author = {Marlon Davids},
  title =  {Citrix XenApp vs XenDesktop: Key Differences},
  year =   {2016},
  url =    {http://www.umbeehosting.net/blog/citrix-xenapp-vs-xendesktop}
}

@Electronic{2,
  author = {Tom Rose},
  title =  {Citrix XenApp vs XenDesktop: How to Decide},
  year =   {2016},
  url =    {http://blog.unidesk.com/citrix-xenapp-vs-xendesktop-how-to-decide}
}

