% This file was created with JabRef 2.9.2.
% Encoding: Cp1252

@ARTICLE{Madden2017,
  author = {Brian Madden},
  title = {When to use VDI, server-based computing, and how Citrix Ardence dynamic desktop fits into all this},
  year = {2017} 
}

@ARTICLE{GB2014,
  author = {Giorgio Bonuccell},
  title = {The Beginning of the End of Citrix XenApp. What Now},
  year = {2014} 
}



